@misc{SFIA,
    author = "{SFIA}",
    title = "All skills A–Z",
    year = 2022,
    note = "See \url{https://sfia-online.org/en/sfia-8/all-skills-a-z}"
}

  @misc{SoftwareAdvice,
    author = "{Software Advice}",
	title = "Eclipse IDE Reviews",
	year = 2023,
	note = "See \url{https://www.softwareadvice.com/app-development/eclipse-ide-profile/reviews/}"
}
 
   @misc{JAVATPOINT,
    author = "{javaTpoint}",
	title = "How to Use Eclipse for Java",
	year = 2020,
	note = "See \url{https://www.javatpoint.com/how-to-use-eclipse-for-java}"
 }
 
   @misc{EDUCBA,
    author = "{Pooja Gupta}",
	title = "What is Eclipse IDE?",
	year = 2023,
	note = "See \url{https://www.educba.com/what-is-eclipse-ide/}"
 }
 
   @misc{GameDesigning,
    author = "{Game Designing}",
	title = "Unity 3D Games Tutorials and Beginners Guide",
	year = 2021,
	note = "See \url{https://www.gamedesigning.org/learn/unity/}"
}
 
   @misc{CodinBlack,
    author = "{İSMAIL ÇAMÖNÜ}",
	title = "What Can You Do with Unity Game Engine?",
	year = 2020,
	note = "See \url{https://www.codinblack.com/what-can-you-do-with-unity-game-engine/}"
 }
 
   @misc{BlackShellMedia.,
    author = "{Alex Cicala}",
	title = "United We Develop: A Breakdown of Unity’s Strengths & Weaknesses",
	year = 2016,
	note = "See \url{https://blackshellmedia.com/2016/11/01/united-develop-breakdown-unitys-strengths-weaknesses/}"
 }
	